@misc{agaverobot,
	author={AgaveRobotics},
	year={2009},
	title={Dynamixel AX-12+ Open Soure Solutions},
	url={http://www.agaverobotics.com/products/servos/robotis/ax12/ax12-open-source-code.aspx}
}

@misc{matFastModels,
	author={MathWorks},
	year={2015},
	title={Model speed},
	url={http://se.mathworks.com/help/stats/choose-a-classifier.html#bunt0rb-1}
}

@misc{myoDiagnostik,
	author={Thalmic Labs},
	year={2015},
	title={Diagnostics},
	url={http://diagnostics.myo.com}
}

@misc{matlabFeatures,
	author={MathWorks},
	year={2015},
	title={Features},
	url={http://se.mathworks.com/products/matlab/features.html}
}

@misc{matlabML,
	author={MathWorks},
	year={2015},
	title={Machine Learning with MATLAB},
	url={http://se.mathworks.com/solutions/machine-learning/}
}

@misc{matlabUiimport,
	author={MathWorks},
	year={2015},
	title={uiimport},
	url={http://se.mathworks.com/help/matlab/ref/uiimport.html}
}

@misc{matlabClassificationLearner,
	author={MathWorks},
	year={2015},
	title={Classification Learner},
	url={http://se.mathworks.com/help/stats/classificationlearner-app.html?refresh=true}
}

@techreport{RefWorks:7,
	author={Dennis Larsen and Jonas Dahl Pedersen and Kristian Ekkenberg Nielsen and Xena Saéed},
	year={2015},
	title={Exoskelet til rehabillitering af hemiplegiske patienter},
	institution={Ingeniørhøjskolen, Aarhus Universitet}
}

@misc{RefWorks:5,
	author={MathWorks},
	year={2015},
	title={MATLAB COM Automation Server},
	url={http://se.mathworks.com/help/matlab/call-matlab-com-automation-server.html?refresh=true}
}

@misc{RefWorks:15,
	author={MathWorks},
	year={2015},
	title={Call MATLAB Function from C\# Client},
	url={http://se.mathworks.com/help/matlab/matlab_external/call-matlab-function-from-c-client.html}
}

@misc{matlabValidation,
	author={MathWorks},
	year={2015},
	title={Select Data and Validation for Classification Problem},
	url={http://se.mathworks.com/help/stats/select-data-and-validation-for-classification-problem.html}
}

@misc{MLMadeEasy,
	author={Shashank Prasanna},
	year={2015},
	title={Machine Learning Made Easy},
	url={http://se.mathworks.com/videos/machine-learning-with-matlab-100694.html?s_tid=srchtitle}
}

@misc{RefWorks:14,
	author={Microsoft},
	year={2012},
	title={The MVVM Pattern},
	url={https://msdn.microsoft.com/en-us/library/hh848246.aspx}
}

@misc{mvp,
	author={Microsoft},
	year={2015},
	title={The Model-View-Presenter (MVP) Pattern},
	url={https://msdn.microsoft.com/en-us/library/ff649571.aspx}
}

@misc{RefWorks:11,
	author={Parse},
	year={2015},
	title={Parse},
	url={https://www.parse.com}
}

@book{RefWorks:9,
	author={Robert C. Martin and Micah Martin},
	year={2007},
	title={Kapitel 8 Single Responsibility},
	series={Agile Principles, Patterns and Practices in C\#},
	publisher={Prentice Hall},
	address={Boston, Massachusetts},
	edition={1. ed.},
	pages={115}
}

@book{RefWorks:10,
	author={Robert C. Martin and Micah Martin},
	year={2007},
	title={Kapitel 8-12 SOLID},
	series={Agile Principles, Patterns and Practices in C\#},
	publisher={Prentice Hall},
	address={Boston, Massachusetts},
	edition={1. ed.},
	pages={115}
}

@book{websterEMG,
  	author={John G. Webster},
	year={2010},
	title={Kapitel 6, Side 270},
	series={Medical Instrumentation},
	publisher={Wiley},
	address={Hoboken, NJ},
	edition={4. ed.},
	pages={270}
}

@book{PatternBishop,
	author={Christopher M. Bishop},
	year={2006},
	title={Pattern Recognition and Machine Learning},
	series={},
	publisher={Springer},
	address={New York, NY},
	edition={1. ed.},
	pages={}
}

@techreport{RefWorks:8,
	author={Svendsen and Gade},
	year={2015},
	title={EMG Recognitio using Machine Learning Kravspecifikation},
	institution={Ingeniørhøjskolen, Aarhus Universitet}
}

@misc{RefWorks:12,
	author={TouchBionics},
	year={2015},
	title={How the i-limb works},
	url={http://www.touchbionics.com/how-ilimb-works}
}

@misc{RefWorks:1,
	author={Udacity Udacity},
	year={2015},
	title={Decision Trees Learning - Georgia Tech - Machine Learning},
	url={https://www.youtube.com/watch?v=nfWU1EwkwwU&feature=youtu.be&t=50}
}

@misc{RefWorks:2,
	author={Udacity Udacity},
	year={2015},
	title={Decision Trees Expressiveness XOR - Georgia Tech - Machine Learning},
	url={https://youtu.be/DFuFDfu-H4E?t=183}
}

@misc{RefWorks:3,
	author={Udacity Udacity},
	year={2015},
	title={Decision Trees Other Considerations Quiz Solution - Georgia Tech - Machine Learning},
	url={https://youtu.be/U90LuOEQEnA?t=62}
}

@misc{RefWorks:4,
	author={Udacity Udacity},
	year={2015},
	title={Decision Trees Other Considerations - Georgia Tech - Machine Learning},
	url={https://www.youtube.com/watch?v=qDMh645ph0Q&feature=youtu.be&t=157}
}

@misc{RefWorks:6,
	author={Udacity Udacity},
	year={2015},
	title={Decision Trees Other Considerations - Georgia Tech - Machine Learning},
	url={https://youtu.be/qDMh645ph0Q?t=275}
}

@misc{RefWorks:13,
	author={Nanna Witting},
	year={2010},
	title={Nerveledningsundersøgelse},
	url={https://www.sundhed.dk/borger/sygdomme-a-aa/undersoegelser/undersoegelser/neurofysiologi/nerveledningsundersoegelse/}
}
	
@misc{github,
	author={GitHub},
	year={2015},
	title={GitHub},
	url={https://github.com}
}

@misc{smartgit,
	author={Syntevo},
	year={2015},
	title={SmartGit},
	url={http://www.syntevo.com/smartgit/}
}

@misc{fitting,
	author={Scikit-Learn},
	year={2014},
	title={Underfitting vs. Overfitting},
	url={http://scikit-learn.org/stable/auto_examples/model_selection/plot_underfitting_overfitting.html}
}

@misc{crossval,
	author={Poul Martin},
	year={2012},
	title={k-fold cross validation},
	url={http://homepages.inf.ed.ac.uk/pmartin/tutorial/case_studies.html}
}